2992 4786
532 260 847 352 '-ee-

194 462 544 530 Additarnentum:
568 460 630 528 llla
653 460 781 529 vocalis
797 487 815 528 o
830 463 865 529 in
881 485 905 531 a
920 461 1179 550 permutatione,
1203 482 1291 552 quae
1313 461 1382 529 iam

88 561 297 650 temporibus
314 561 463 650 antiquis
479 565 560 629 ante
576 558 737 650 liquidam
753 565 765 632 l
780 566 816 630 et
831 561 973 629 alteram
990 582 1172 630 consonam
1186 561 1384 631 coniunctas

86 661 231 746 exstitit,
260 668 378 747 postea
401 659 535 728 dennrm
561 681 604 727 ea
626 659 803 743 vocabula,
828 663 863 727 in
888 661 1010 747 quibus
1032 660 1182 753 litterae
1196 661 1383 728 vocalemo

87 758 323 847 praecedebat,
337 757 465 842 5115515
477 761 571 825 sunt:
594 760 744 828 70100515
758 759 884 848 14312,
898 789 942 816 =
957 759 1052 843 1182,
1065 759 1194 844 208123
1216 761 1385 829 Volcacius

88 858 176 926 2403
208 856 252 926 in-
275 855 333 926 lat
359 857 420 927 sin.
443 858 475 927 3.
520 857 558 924 ln
582 856 635 926 his
660 856 822 947 exemplis
846 856 1001 926 ducenda
1023 861 1077 926 est
1099 857 1209 927 torma
1239 861 1382 945 0151051)

89 963 142 1035 t=
175 959 309 1039 Vedius)
334 959 431 1024 5654.

196 1051 366 1144 00>ω

197 1162 228 1237 α)
253 1151 445 1242 Syllabae
476 1156 623 1222 acutae
653 1152 806 1221 vocalem
830 1178 848 1220 o
879 1152 1016 1220 brevem
1047 1150 1101 1220 vel
1126 1155 1278 1241 apertam
1301 1152 1337 1219 in
1360 1176 1385 1223 a

90 1256 259 1320 mutatam
284 1252 440 1340 exempla
462 1252 529 1319 tria
552 1251 727 1320 exhibent:
758 1277 979 1320 metamaucum
1002 1253 1104 1336 48363
1134 1252 1216 1320 tami
1241 1254 1281 1318 17
1288 1252 1382 1342 896,,

89 1362 129 1430 la.
147 1352 320 1438 aduentu
343 1353 474 1418 Nuiuos
497 1352 531 1433 l?
554 1382 598 1408 =
622 1352 742 1436 Νομάς
765 1356 846 1434 0311.)
873 1351 986 1416 10108
1010 1349 1137 1441 {ll2jlll²
1161 1354 1207 1434 5.).

197 1451 228 1535 β)
253 1446 444 1538 Syllabae
460 1468 539 1515 non
559 1453 703 1517 acutae
719 1473 737 1516 c
753 1448 875 1533 brevis
893 1453 933 1516 ut
946 1448 982 1514 in
999 1447 1173 1516 vocalibus
1189 1469 1258 1516 non
1274 1447 1384 1516 acutis

89 1569 191 1635 saepe
215 1548 261 1630 fit,
286 1549 569 1635 permutationem
592 1570 697 1636 passa
720 1551 786 1618 est:
818 1550 1087 1634 01511011155742.
1123 1589 1159 1598 -
1183 1549 1332 1617 Graecae
1348 1573 1383 1615 50

91 1645 266 1713 vocalibus
301 1670 342 1714 ea
376 1644 528 1713 redditae
563 1649 673 1730 sunt²l
708 1648 743 1713 in
779 1649 973 1714 Tirernlcrac
1002 1648 1115 1713 13925
1147 1644 1385 1732 (†1Vsvls.>·,

95 1747 244 1814 Teredona
270 1745 382 1812 14547
407 1748 447 1825 (a.
464 1745 632 1833 5341567).
657 1786 701 1796 -
726 1744 861 1815 Vocalis
884 1772 902 1814 0
929 1744 1038 1815 vocali
1061 1771 1085 1815 n
1115 1744 1271 1834 sequenti
1295 1743 1382 1813 assi·

91 1843 211 1911 nrilata
234 1845 360 1912 estin:
385 1847 549 1912 Rutunda
574 1847 701 1925 11622;
725 1855 975 1914 riornnnncntanc
998 1847 1096 1929 2296,
1117 1846 1239 1927 15794,
1256 1844 1382 1928 21116,

91 1943 217 2027 21204,
243 1943 372 2027 21535;
395 1947 632 2013 armamentum
656 1949 676 2027 (l
699 1966 757 2033 pro
781 1947 815 2027 a>
841 1945 955 2010 21489
972 1947 1012 2027 (a.
1029 1945 1118 2028 237),
1143 1943 1279 2013 Graecini
1295 1943 1383 2009 7322

90 2041 140 2121 (ci.
154 2044 327 2109 Concludere
343 2043 441 2123 6993,
456 2043 562 2125 7042).
575 2080 618 2092 -
631 2042 787 2111 Formam
799 2047 1037 2112 crrccninrcntant
1049 2049 1117 2128 (pro
1130 2047 1383 2124 erconomentunc)

90 2140 189 2212 4381,
218 2140 341 2221 17559,
367 2140 482 2205 21718
507 2160 583 2206 cum
606 2161 689 2208 voce
712 2163 735 2207 a
756 2140 860 2208 verbo
883 2143 1013 2210 ncrcnire
1028 2139 1132 2206 dueta
1148 2141 1384 2208 mercamentum

92 2261 169 2306 esse
193 2238 369 2306 confusam
394 2243 544 2326 apparet.
568 2279 611 2288 -
635 2240 726 2307 Inter
750 2243 934 2327 damnoniae
960 2241 1071 2306 18065
1097 2243 1135 2320 ta.
1160 2239 1243 2322 162),
1271 2239 1385 2305 18962

91 2341 126 2402 51
150 2339 331 2423 Capreatas
354 2337 536 2403 diiudicare
559 2357 628 2404 non
652 2336 771 2423 audeo,
797 2345 874 2405 ntra
896 2338 1005 2404 forma
1028 2336 1197 2422 originalis
1221 2335 1300 2421 sibl)

198 2433 543 2503 additamentum:
575 2436 696 2504 Forma
713 2441 875 2524 prienaee
898 2438 1012 2504 21676
1037 2441 1076 2517 (a
1093 2438 1168 2519 491)
1199 2435 1263 2503 hoc
1286 2434 1383 2502 modo

92 2533 249 2622 explicari
281 2538 408 2621 potest:
440 2535 549 2602 vocali
572 2559 590 2601 0
614 2536 707 2602 brevi
729 2535 824 2602 15015
846 2560 894 2622 00,
925 2535 1014 2623 quod
1037 2538 1091 2601 est
1113 2537 1195 2601 ante
1218 2531 1382 2622 syllabam

92 2637 240 2716 acutam,
265 2633 299 2700 in
323 2657 347 2702 a
370 2634 506 2702 transiit
529 2634 626 2701 utin
650 2637 771 2720 circaea,
795 2635 995 2718 Cluentiae.⁴l
1195 2634 1197 2639 ’

682 2787 700 2870 ξ
727 2786 799 2854 121.

684 2908 703 2951 0
724 2880 744 2975 >
763 2905 792 2953 e:

202 2980 239 3045 ln
270 2979 402 3068 syllaba
432 3002 501 3048 non
532 2986 636 3049 acuta
666 3003 770 3049 sonus
802 3007 819 3048 o
850 2981 977 3049 vocalis
1008 2985 1043 3048 et
1070 2978 1182 3046 brevis
1205 2980 1241 3042 et
1263 2974 1382 3054 longae

92 3078 291 3144 imminutus
314 3079 424 3146 estin
448 3101 477 3148 e:

201 3183 232 3259 0)
257 3175 306 3266 0)
321 3200 349 3245 c:
374 3181 563 3246 Hane-otus
586 3179 688 3261 9462;
713 3182 929 3263 (Hioneratae
952 3179 1054 3249 9768:
1078 3178 1247 3242 Honorem
1262 3167 1380 3236 90991)

93 3277 200 3355 (iuxta
223 3277 397 3344 Hanania
412 3277 551 3359 90995),
569 3278 667 3360 9462,
685 3279 773 3344 9645
791 3277 897 3357 (iuxta
909 3272 1093 3362 ΗΟΝΟ)))),
1111 3271 1234 3353 21215,
1251 3267 1381 3350 21288)

93 3376 292 3449 (Hiericunte
315 3374 403 3441 9887
421 3376 565 3459 15420),
588 3376 862 3443 0005101156944
880 3373 1100 3459 (51981211),
1125 3389 1211 3456 quae
1228 3363 1384 3451 exempla

92 3473 205 3557 potius
229 3471 388 3538 videntur
410 3470 504 3538 fricta
526 3494 601 3539 5555
622 3473 818 3541 contusione
835 3471 1016 3538 leimarum
1033 3475 1193 3552 caecantia,
1209 3467 1384 3545 normaniae

94 3568 260 3635 similium.

201 3667 546 3734 Additamentum:
570 3667 705 3734 Vocalis
722 3696 738 3735 5
760 3689 818 3755 pro
835 3695 853 3732 o
876 3673 928 3734 est
944 3668 977 3733 in
993 3665 1045 3731 his
1061 3664 1153 3730 vocis
1169 3682 1238 3728 non
1254 3660 1378 3727 latinae

95 3769 289 3885 tricacabum
301 3764 418 3832 formis
431 3767 623 3833 orori-release
640 3767 753 3831 20734
766 3771 805 3843 (a.
815 3767 901 3849 281),
919 3765 1082 3833 noeseleam
1097 3761 1185 3827 9613
1198 3781 1228 3827 v.
1241 3780 1271 3847 p.
1284 3754 1380 3836 2028,

95 3864 233 4045 mmai}
257 3967 276 4024 ὅ
296 3958 313 4049 <
336 3986 365 4029 e:
394 3963 542 4044 Teleneni
568 3963 718 4048 10479,,.
1347 4047 1353 4060 .

203 4058 543 4125 Additamentum:
578 4058 699 4124 Forma
728 4056 872 4124 Etrusca
905 4057 1049 4124 nominis
1079 4056 1240 4123 Volcacius·
1270 4054 1323 4115 est
1345 4066 1381 4112 nr

94 4155 185 4222 tituli
208 4159 295 4222 2568
321 4156 371 4237 )01.
390 4157 513 4237 18055)
537 4178 568 4222 v.
585 4156 628 4222 48
652 4157 811 4224 Volcanus
834 4155 932 4222 iuxta
954 4177 984 4223 v.
1002 4157 1045 4221 70
1067 4154 1236 4222 Volcacius.
1262 4180 1303 4196 -·
1328 4141 1379 4210 Ad

94 4292 308 4302 -.—-——-—-

204 4344 222 4410 1)
242 4343 283 4397 De
303 4362 319 4398 o
337 4344 442 4397 omissa
460 4341 496 4397 01.
516 4358 542 4413 ρ.
556 4343 591 4397 34
610 4343 676 4396 adn.
689 4343 715 4398 3.

202 4424 222 4490 ‘ll
242 4423 356 4478 [senen.
376 4422 510 4477 Fleckeis.
529 4422 629 4478 Jahrb.
650 4423 728 4488 1865,
746 4422 810 4478 227.

201 4504 220 4572 1)
238 4502 370 4571 schulze,
390 4503 575 4563 Lateinisebe
595 4503 794 4580 bigenaamen
808 4502 903 4578 nial
924 4501 1033 4557 abab.

193 4585 213 4655 ⁴)
233 4585 378 4657 Solmsen,
399 4589 525 4650 Studien
544 4609 572 4652 z.
584 4591 642 4651 lat.
657 4590 771 4665 lantg.
787 4607 820 4664 0.
830 4588 888 4646 141
896 4603 945 4659 su.
