2992 4786
219 1116 362 1241 Lingua
383 1155 508 1224 Latina
538 1155 648 1244 qualis
680 1153 726 1221 sit
757 1152 791 1220 in
815 1152 925 1220 titulis
948 1150 1141 1240 provinciae
1165 1150 1311 1235 Africae,
1336 1153 1406 1218 tres

111 1259 192 1326 ante
223 1277 278 1324 me
306 1256 371 1325 viri
394 1254 484 1325 docti
507 1255 746 1344 exposuerunt
800 1253 949 1336 Quamm
972 1249 1239 1341 disputationum
1262 1251 1405 1340 primam

20 1406 23 1413 .
109 1377 196 1444 quae
212 1355 405 1424 inscribitur
421 1355 619 1440 „titulomm
637 1353 867 1422 Africanorum
883 1350 1143 1440 orthographia“
1157 1349 1292 1441 (Gryplt
1308 1351 1405 1435 1875)

109 1458 190 1523 ante
222 1455 284 1522 hos
316 1455 458 1542 triginta
486 1453 571 1522 duos
595 1474 704 1521 annos
728 1451 867 1521 Carolus
891 1450 1079 1519 Guilelmus
1102 1449 1238 1519 Moeller
1260 1451 1404 1538 scripsit,

109 1553 166 1642 qui
195 1552 342 1622 Renierii
372 1552 505 1644 sylloge
535 1549 616 1620 ante
648 1572 767 1640 corpus
797 1549 1050 1640 inscriptionum
1082 1548 1281 1618 Latinarum
1312 1548 1406 1616 iacta

108 1653 293 1739 nitebatur;
326 1654 544 1742 quamobrem
575 1652 634 1721 vix
665 1653 733 1719 iam
763 1650 921 1718 idoneum
952 1652 1006 1720 est
1032 1648 1096 1718 hoc
1127 1648 1337 1739 opusculum,
1362 1671 1405 1716 ex

109 1773 175 1840 quo
219 1774 379 1836 magnum
423 1753 569 1820 fructum
612 1751 794 1839 capiamus.
852 1748 980 1816 Deinde
1015 1747 1105 1816 hanc
1138 1771 1208 1816 rem
1244 1749 1406 1816 tractavit

109 1848 267 1919 Maximil.
283 1849 466 1919 Hollmann
490 1849 525 1918 in
549 1849 796 1933 dissertatione,
822 1870 908 1938 quae
932 1848 1124 1916 inscribitur
1148 1847 1273 1933 „Index
1294 1869 1405 1934 gram·

99 1950 255 2018 'maticus
278 1951 320 2017 ad
345 1950 479 2018 Africae
504 1951 748 2039 provinciarum
766 1948 1004 2038 Tripolitanae,
1029 1948 1237 2036 Byzacenae,
1262 1969 1403 2036 procon-

110 2047 231 2116 sularis
262 2048 381 2117 titulos
411 2049 575 2118 Latinos“
608 2051 791 2132 ldrgentor.
819 2049 929 2132 187813
961 2054 991 2114 ei
1015 2051 1131 2115 autem
1154 2047 1246 2115 tituli
1269 2049 1404 2114 tantum

113 2148 266 2215 1-1836
290 2147 333 2214 od
357 2147 439 2216 illud
462 2152 598 2235 tempus
621 2147 815 2215 aGustavo
831 2146 1057 2214 Wilmannsio
1081 2146 1116 2213 in
1133 2146 1216 2216 Vlll.
1232 2145 1404 2214 volumine
1461 2230 1465 2240 ¹

112 2247 283 2336 „Corporis
321 2246 576 2336 inscriptionum
607 2246 825 2315 Latinarum“
861 2245 942 2313 editi
980 2245 1218 2334 suppetebant
1272 2244 1406 2312 Tertius

110 2345 256 2435 denique
279 2347 427 2415 Kuebler
456 2347 492 2414 in
518 2345 598 2414 VllI.
615 2345 786 2414 volumine
815 2345 1036 2433 ephemeridis
1060 2344 1206 2432 „Archiv
1228 2343 1285 2412 fiir
1307 2343 1406 2412 latei-

112 2445 228 2514 nische
259 2445 525 2534 bexilrographie
556 2443 626 2513 und
658 2443 890 2512 Grammatik“
924 2444 996 2528 (Die
1027 2441 1226 2511 lateinisohe
1258 2442 1429 2532 Sprache.

110 2543 169 2608 aul
206 2543 458 2615 olrikanischen
495 2545 701 2616 Inschrilten
736 2567 767 2632 p.
799 2544 949 2633 lblsqq.)
981 2564 1185 2632 quamquam
1217 2534 1405 2610 sermonem

111 2639 267 2704 dirorum
290 2641 450 2709 Latinum
475 2644 563 2730 quod
587 2644 734 2730 pertinet
758 2642 800 2710 ad
823 2642 1057 2710 formationem
1083 2644 1266 2726 nominum,
1283 2642 1413 2729 fluxio-j

109 2757 198 2818 nem,
234 2740 406 2826 syntaxin,
443 2741 568 2824 stilum,
605 2741 835 2826 lexicologiam
868 2740 1059 2825 illustravit,
1090 2743 1205 2808 tomen
1237 2737 1404 2828 quomodo

110 2837 150 2901 ut
179 2836 229 2902 ita
260 2835 369 2903 dicam
400 2858 557 2904 sonorum
588 2839 739 2905 rationes
770 2841 803 2906 in
835 2839 943 2906 titulis
975 2837 1144 2907 Africanis
1175 2860 1211 2906 se
1243 2837 1404 2923 habeant,

115 2932 277 3000 disserere
301 2935 422 3002 omisit

220 3029 270 3096 De
301 3030 366 3099 hac
397 3054 431 3100 re
464 3055 524 3116 ego
554 3034 786 3120 disputaturus
810 3056 894 3103 sum.
940 3035 1017 3103 blaa
1040 3036 1140 3122 igitur
1164 3036 1406 3124 scriptiuncula

110 3125 346 3215 qualicumque
377 3133 413 3196 et
442 3130 522 3197 illud
552 3131 707 3200 Kuebleri
741 3133 938 3221 opusculum
970 3135 1125 3222 supplere
1149 3139 1184 3203 et
1206 3135 1407 3204 Hoffmanni

58 3259 61 3266 ·
111 3223 385 3294 dissertationem
408 3227 604 3295 continuare
626 3229 711 3299 volo.

42 3328 44 3334 ’
218 3323 265 3392 Ut
287 3323 472 3413 disputatio
497 3324 537 3393 de
561 3329 794 3397 materiatam
819 3332 915 3398 varia
938 3353 1041 3419 quam
1065 3333 1213 3400 maxime
1228 3333 1406 3422 perspicua

110 3421 219 3510 iieret,
262 3425 426 3492 rationem
466 3424 657 3512 partitionis
696 3428 974 3514 simplicissimam
1014 3421 1165 3498 inuenire
1205 3452 1290 3518 opus
1321 3437 1404 3499 erat

111 3521 185 3603 Qua
217 3520 259 3589 de
290 3544 324 3590 re
356 3522 435 3591 mihi
469 3521 670 3590 deliberanti
700 3527 859 3611 quattuor
880 3526 927 3594 illi
952 3527 1086 3595 termini
1109 3529 1404 3613 grammaticorum

111 3619 326 3706 antiquorum
350 3621 523 3707 detractio,
549 3623 700 3708 adiectio,
725 3627 934 3711 permutatio,
959 3625 1111 3694 traiectio
1136 3649 1172 3694 se
1196 3627 1403 3714 obtulerunt,

114 3716 238 3802 quibus
262 3717 296 3785 in
320 3719 385 3786 bac
407 3721 550 3788 materia
573 3720 752 3789 tractanda
777 3723 1016 3810 simplicissime
1040 3727 1160 3794 uterer.

219 3815 287 3883 Sed
320 3819 518 3905 priusquam
549 3816 684 3904 singula
716 3821 868 3910 exempla
890 3821 1107 3910 disquirenda
1129 3823 1321 3912 suscipiam,
1347 3845 1406 3893 eos

111 3912 168 3998 qui
191 3911 311 3999 legunt
334 3937 402 3983 non
427 3938 565 4004 possum
588 3938 657 3986 non
675 3918 854 3987 admonere
870 3920 910 3988 de
927 3920 991 3988 hac
1006 3942 1055 3989 re:
1076 3921 1162 3990 satis
1178 3922 1308 3990 multae
1325 3927 1408 3991 sunt

111 4009 248 4097 formae,
266 4034 354 4100 quae
370 4016 500 4082 mendis
517 4015 691 4104 lapicidae,
708 4017 829 4086 litteris
845 4020 1060 4104 neglegenter
1075 4021 1130 4088 vel
1145 4043 1265 4108 parum
1279 4023 1405 4109 perspi·

110 4128 174 4176 cue
196 4109 320 4198 ligatis,
350 4113 554 4201 compendiis
577 4116 746 4184 scribendi
768 4119 951 4202 inusitatis,
975 4119 1050 4187 aliis
1074 4121 1186 4188 causis
1211 4124 1305 4188 ortae
1329 4142 1405 4188 esse

108 4209 250 4292 possint
312 4211 475 4294 Quocirca
507 4215 670 4282 monitum
703 4215 803 4283 velim
834 4217 1010 4302 lectorem,
1040 4220 1081 4285 ut
1111 4240 1169 4305 per
1200 4222 1311 4286 toturn
1332 4218 1406 4286 ¹hoc

110 4306 311 4392 opusculum
343 4315 457 4378 mente
489 4313 609 4380 teneat
635 4314 817 4383 multarum
839 4315 1023 4384 formarum
1048 4316 1306 4405 explicationem
1330 4337 1405 4384 esse

29 4426 32 4431 ·
106 4405 300 4494 ancipitem.
354 4408 425 4494 Ego
456 4412 497 4478 ut
527 4411 599 4498 ipse
629 4413 848 4482 multifariam
880 4413 977 4482 haesi
1007 4415 1041 4481 in
1073 4415 1214 4502 singulis
1242 4415 1405 4505 interpre-

107 4501 223 4572 tandis
245 4525 310 4575 nec
332 4506 398 4574 nisi
422 4507 618 4578 dubitanter
641 4532 742 4600 saepe
766 4513 974 4581 sententiam
996 4533 1107 4581 meam
1130 4512 1264 4601 protuli,
1281 4514 1405 4582 itaeos
